<record><leader>00000cas a22000007a 4500</leader><controlfield tag="001">24036552</controlfield><controlfield tag="008">910708d195u1965nyuwn ne      0    0eng d</controlfield><datafield ind1=" " ind2=" " tag="010"><subfield code="a">sn 91066594 </subfield></datafield><datafield ind1=" " ind2=" " tag="040"><subfield code="a">NYS</subfield><subfield code="b">eng</subfield><subfield code="c">NYS</subfield><subfield code="d">OCLCQ</subfield></datafield><datafield ind1=" " ind2=" " tag="042"><subfield code="a">msc</subfield></datafield><datafield ind1="0" ind2=" " tag="130"><subfield code="a">Greenwood Lake buzzer (Greenwood Lake, N.Y. : 1957)</subfield></datafield><datafield ind1="1" ind2="4" tag="245"><subfield code="a">The Greenwood Lake buzzer.</subfield></datafield><datafield ind1=" " ind2=" " tag="260"><subfield code="a">Greenwood Lake, N.Y. :</subfield><subfield code="b">Sal A. Ragone</subfield></datafield><datafield ind1=" " ind2=" " tag="300"><subfield code="a">v.</subfield></datafield><datafield ind1=" " ind2=" " tag="310"><subfield code="a">Weekly (during summer months)</subfield></datafield><datafield ind1="1" ind2=" " tag="362"><subfield code="a">Ceased in 1965?</subfield></datafield><datafield ind1=" " ind2=" " tag="588"><subfield code="a">Description based on: Vol. 46, no. 1 (June 28, 1957).</subfield></datafield><datafield ind1=" " ind2=" " tag="588"><subfield code="a">Latest issue consulted: Sept. 3, 1965.</subfield></datafield><datafield ind1=" " ind2="4" tag="651"><subfield code="a">Greenwood Lake (N.Y.)</subfield><subfield code="v">Newspapers.</subfield></datafield><datafield ind1=" " ind2=" " tag="752"><subfield code="a">United States</subfield><subfield code="b">New York</subfield><subfield code="c">Orange</subfield><subfield code="d">Greenwood Lake.</subfield></datafield><datafield ind1="0" ind2="0" tag="780"><subfield code="t">Buzzer (Greenwood Lake, N.Y.)</subfield><subfield code="w">(DLC)sn 91066593</subfield><subfield code="w">(OCoLC)24036459</subfield></datafield><datafield ind1="1" ind2=" " tag="029"><subfield code="a">AU@</subfield><subfield code="b">000025847568</subfield></datafield></record>